<?xml version="1.0" encoding="UTF-8"?><collection xmlns="http://www.loc.gov/MARC21/slim"><record><leader>00391nam--2200133-i-4500</leader><controlfield tag="001">000004273</controlfield><controlfield tag="002">20161230</controlfield><controlfield tag="005">20161230201025</controlfield><controlfield tag="008">060222s1000------------r-----000-0-eng-d</controlfield><datafield ind1=" " ind2=" " tag="100"><subfield code="a">Denbigh, Kenneth</subfield></datafield><datafield ind1=" " ind2=" " tag="245"><subfield code="a">The principles of chemical equilibrium, with applications in chemistry and chemical engineering</subfield></datafield><datafield ind1=" " ind2=" " tag="260"><subfield code="a">Cambridge, University Press, 1955</subfield></datafield><datafield ind1=" " ind2=" " tag="490"><subfield code="a">Xxi+491p</subfield></datafield><datafield ind1=" " ind2=" " tag="852"><subfield code="a">536.4</subfield></datafield></record></collection>